@misc{ronneberger2015unet,
      title={U-Net: Convolutional Networks for Biomedical Image Segmentation}, 
      author={Olaf Ronneberger and Philipp Fischer and Thomas Brox},
      year={2015},
      eprint={1505.04597},
      archivePrefix={arXiv},
      primaryClass={cs.CV}
}

@misc{Yakubovskiy:2019,
  Author = {Pavel Yakubovskiy},
  Title = {Segmentation Models Pytorch},
  Year = {2020},
  Publisher = {GitHub},
  Journal = {GitHub repository},
  Howpublished = {\url{https://github.com/qubvel/segmentation_models.pytorch}}
}

@article{DBLP:journals/corr/HeZRS15,
  author    = {Kaiming He and
               Xiangyu Zhang and
               Shaoqing Ren and
               Jian Sun},
  title     = {Deep Residual Learning for Image Recognition},
  journal   = {CoRR},
  volume    = {abs/1512.03385},
  year      = {2015},
  url       = {http://arxiv.org/abs/1512.03385},
  eprinttype = {arXiv},
  eprint    = {1512.03385},
  timestamp = {Wed, 17 Apr 2019 17:23:45 +0200},
  biburl    = {https://dblp.org/rec/journals/corr/HeZRS15.bib},
  bibsource = {dblp computer science bibliography, https://dblp.org}
}

@article{DBLP:journals/corr/abs-1807-10165,
  author    = {Zongwei Zhou and
               Md Mahfuzur Rahman Siddiquee and
               Nima Tajbakhsh and
               Jianming Liang},
  title     = {UNet++: {A} Nested U-Net Architecture for Medical Image Segmentation},
  journal   = {CoRR},
  volume    = {abs/1807.10165},
  year      = {2018},
  url       = {http://arxiv.org/abs/1807.10165},
  eprinttype = {arXiv},
  eprint    = {1807.10165},
  timestamp = {Mon, 13 Aug 2018 16:46:03 +0200},
  biburl    = {https://dblp.org/rec/journals/corr/abs-1807-10165.bib},
  bibsource = {dblp computer science bibliography, https://dblp.org}
}

@article{DBLP:journals/corr/abs-2005-02264,
  author    = {Adrian Boguszewski and
               Dominik Batorski and
               Natalia Ziemba{-}Jankowska and
               Anna Zambrzycka and
               Tomasz Dziedzic},
  title     = {LandCover.ai: Dataset for Automatic Mapping of Buildings, Woodlands
               and Water from Aerial Imagery},
  journal   = {CoRR},
  volume    = {abs/2005.02264},
  year      = {2020},
  url       = {https://arxiv.org/abs/2005.02264},
  eprinttype = {arXiv},
  eprint    = {2005.02264},
  timestamp = {Sat, 09 May 2020 15:06:08 +0200},
  biburl    = {https://dblp.org/rec/journals/corr/abs-2005-02264.bib},
  bibsource = {dblp computer science bibliography, https://dblp.org}
}

@inproceedings{dutta2019vgg,
  author = {Dutta, Abhishek and Zisserman, Andrew},
  title = {The {VIA} Annotation Software for Images, Audio and Video},
  booktitle = {Proceedings of the 27th ACM International Conference on Multimedia},
  series = {MM '19},
  year = {2019},
  isbn = {978-1-4503-6889-6/19/10},
  location = {Nice, France},
  numpages = {4},
  url = {https://doi.org/10.1145/3343031.3350535},
  doi = {10.1145/3343031.3350535},
  publisher = {ACM},
  address = {New York, NY, USA},
}


@article{DBLP:journals/corr/abs-2003-02899,
  author    = {Priit Ulmas and
               Innar Liiv},
  title     = {Segmentation of Satellite Imagery using U-Net Models for Land Cover
               Classification},
  journal   = {CoRR},
  volume    = {abs/2003.02899},
  year      = {2020},
  url       = {https://arxiv.org/abs/2003.02899},
  eprinttype = {arXiv},
  eprint    = {2003.02899},
  timestamp = {Thu, 14 Oct 2021 09:16:37 +0200},
  biburl    = {https://dblp.org/rec/journals/corr/abs-2003-02899.bib},
  bibsource = {dblp computer science bibliography, https://dblp.org}
}
@article{DBLP:journals/corr/abs-1911-12903,
  author    = {Renee Su and
               Rong Chen},
  title     = {Land Cover Change Detection via Semantic Segmentation},
  journal   = {CoRR},
  volume    = {abs/1911.12903},
  year      = {2019},
  url       = {http://arxiv.org/abs/1911.12903},
  eprinttype = {arXiv},
  eprint    = {1911.12903},
  timestamp = {Wed, 08 Jan 2020 15:28:22 +0100},
  biburl    = {https://dblp.org/rec/journals/corr/abs-1911-12903.bib},
  bibsource = {dblp computer science bibliography, https://dblp.org}
}

@article{DBLP:journals/corr/abs-2010-06285,
  author    = {Vasilis Pollatos and
               Loukas Kouvaras and
               Eleni Charou},
  title     = {Land Cover Semantic Segmentation Using ResUNet},
  journal   = {CoRR},
  volume    = {abs/2010.06285},
  year      = {2020},
  url       = {https://arxiv.org/abs/2010.06285},
  eprinttype = {arXiv},
  eprint    = {2010.06285},
  timestamp = {Tue, 20 Oct 2020 15:08:10 +0200},
  biburl    = {https://dblp.org/rec/journals/corr/abs-2010-06285.bib},
  bibsource = {dblp computer science bibliography, https://dblp.org}
}

@article{DBLP:journals/corr/abs-2012-03111,
  author    = {Hamed Alemohammad and
               Kevin Booth},
  title     = {LandCoverNet: {A} global benchmark land cover classification training
               dataset},
  journal   = {CoRR},
  volume    = {abs/2012.03111},
  year      = {2020},
  url       = {https://arxiv.org/abs/2012.03111},
  eprinttype = {arXiv},
  eprint    = {2012.03111},
  timestamp = {Wed, 09 Dec 2020 15:29:05 +0100},
  biburl    = {https://dblp.org/rec/journals/corr/abs-2012-03111.bib},
  bibsource = {dblp computer science bibliography, https://dblp.org}
}

@inproceedings{Rustowicz2019SemanticSO,
  title={Semantic Segmentation of Crop Type in Africa: A Novel Dataset and Analysis of Deep Learning Methods},
  author={Rose Rustowicz and Robin Cheong and Lijing Wang and Stefano Ermon and M. Burke and D. Lobell},
  booktitle={CVPR Workshops},
  year={2019}
}


@article{DBLP:journals/corr/abs-1902-06148,
  author    = {Gencer Sumbul and
               Marcela Charfuelan and
               Beg{\"{u}}m Demir and
               Volker Markl},
  title     = {BigEarthNet: {A} Large-Scale Benchmark Archive For Remote Sensing
               Image Understanding},
  journal   = {CoRR},
  volume    = {abs/1902.06148},
  year      = {2019},
  url       = {http://arxiv.org/abs/1902.06148},
  eprinttype = {arXiv},
  eprint    = {1902.06148},
  timestamp = {Sat, 23 Jan 2021 01:20:36 +0100},
  biburl    = {https://dblp.org/rec/journals/corr/abs-1902-06148.bib},
  bibsource = {dblp computer science bibliography, https://dblp.org}
}

@article{DBLP:journals/corr/ChenPSA17,
  author    = {Liang{-}Chieh Chen and
               George Papandreou and
               Florian Schroff and
               Hartwig Adam},
  title     = {Rethinking Atrous Convolution for Semantic Image Segmentation},
  journal   = {CoRR},
  volume    = {abs/1706.05587},
  year      = {2017},
  url       = {http://arxiv.org/abs/1706.05587},
  eprinttype = {arXiv},
  eprint    = {1706.05587},
  timestamp = {Mon, 13 Aug 2018 16:48:07 +0200},
  biburl    = {https://dblp.org/rec/journals/corr/ChenPSA17.bib},
  bibsource = {dblp computer science bibliography, https://dblp.org}
}

 @misc{united_nations, title={Goal 15 | Department of Economic and Social Affairs}, url={https://sdgs.un.org/goals/goal15}, journal={United Nations}, publisher={United Nations}} 
 
 
@inproceedings{Avenash2019SemanticSO,
  title={Semantic Segmentation of Satellite Images using a Modified CNN with Hard-Swish Activation Function},
  author={R. Avenash and Prashanth Viswanath},
  booktitle={VISIGRAPP},
  year={2019}
} 

@ARTICLE{9137717,  author={Tasar, Onur and Giros, Alain and Tarabalka, Yuliya and Alliez, Pierre and Clerc, SÃ©bastien},  journal={IEEE Transactions on Geoscience and Remote Sensing},   title={DAugNet: Unsupervised, Multisource, Multitarget, and Life-Long Domain Adaptation for Semantic Segmentation of Satellite Images},   year={2021},  volume={59},  number={2},  pages={1067-1081},  doi={10.1109/TGRS.2020.3006161}}


@article{DBLP:journals/corr/BadrinarayananK15,
  author    = {Vijay Badrinarayanan and
               Alex Kendall and
               Roberto Cipolla},
  title     = {SegNet: {A} Deep Convolutional Encoder-Decoder Architecture for Image
               Segmentation},
  journal   = {CoRR},
  volume    = {abs/1511.00561},
  year      = {2015},
  url       = {http://arxiv.org/abs/1511.00561},
  eprinttype = {arXiv},
  eprint    = {1511.00561},
  timestamp = {Mon, 13 Aug 2018 16:46:06 +0200},
  biburl    = {https://dblp.org/rec/journals/corr/BadrinarayananK15.bib},
  bibsource = {dblp computer science bibliography, https://dblp.org}
}


@article{DBLP:journals/corr/abs-1711-08681,
  author    = {Nicolas Audebert and
               Bertrand Le Saux and
               S{\'{e}}bastien Lef{\`{e}}vre},
  title     = {Beyond {RGB:} Very High Resolution Urban Remote Sensing With Multimodal
               Deep Networks},
  journal   = {CoRR},
  volume    = {abs/1711.08681},
  year      = {2017},
  url       = {http://arxiv.org/abs/1711.08681},
  eprinttype = {arXiv},
  eprint    = {1711.08681},
  timestamp = {Mon, 13 Aug 2018 16:46:40 +0200},
  biburl    = {https://dblp.org/rec/journals/corr/abs-1711-08681.bib},
  bibsource = {dblp computer science bibliography, https://dblp.org}
}


@article{DBLP:journals/corr/abs-1904-03983,
  author    = {Adrien Nivaggioli and
               Hicham Randrianarivo},
  title     = {Weakly Supervised Semantic Segmentation of Satellite Images},
  journal   = {CoRR},
  volume    = {abs/1904.03983},
  year      = {2019},
  url       = {http://arxiv.org/abs/1904.03983},
  eprinttype = {arXiv},
  eprint    = {1904.03983},
  timestamp = {Thu, 25 Apr 2019 13:55:01 +0200},
  biburl    = {https://dblp.org/rec/journals/corr/abs-1904-03983.bib},
  bibsource = {dblp computer science bibliography, https://dblp.org}
}


@article{DBLP:journals/corr/abs-1902-04604,
  author    = {Edward Collier and
               Kate Duffy and
               Sangram Ganguly and
               Geri Madanguit and
               Subodh Kalia and
               Shreekant Gayaka and
               Ramakrishna R. Nemani and
               Andrew R. Michaelis and
               Shuang Li and
               Auroop R. Ganguly and
               Supratik Mukhopadhyay},
  title     = {Progressively Growing Generative Adversarial Networks for High Resolution
               Semantic Segmentation of Satellite Images},
  journal   = {CoRR},
  volume    = {abs/1902.04604},
  year      = {2019},
  url       = {http://arxiv.org/abs/1902.04604},
  eprinttype = {arXiv},
  eprint    = {1902.04604},
  timestamp = {Tue, 21 May 2019 18:03:40 +0200},
  biburl    = {https://dblp.org/rec/journals/corr/abs-1902-04604.bib},
  bibsource = {dblp computer science bibliography, https://dblp.org}
}